
 @inproceedings{Salomao_2016, place={Cham}, series={Lecture Notes in Computer Science}, title={Evaluating Play-Personas of an Educational 3D Digital Game for University Students to Learn Portuguese as a Foreign Language}, ISBN={978-3-319-40355-7}, DOI={10.1007/978-3-319-40355-7_19},
 booktitle={Design, User Experience, and Usability: Novel User Experiences}, publisher={Springer International Publishing}, author={Salomão, Roberta C. S. and Rebelo, Francisco and Rodríguez, Fernando Gamboa}, editor={Marcus, Aaron}, year={2016}, pages={198–207}, collection={Lecture Notes in Computer Science} }


 @article{Salomao_2015, 
 title={Defining Personas of University Students for the Development of a Digital Educational Game to Learn Portuguese as a Foreing Language}, 
 volume={3}, 
 ISSN={23519789}, 
 DOI={10.1016/j.promfg.2015.07.941},  
 journal={Procedia Manufacturing}, 
 author={Salomão, Roberta Caroline Silva and Rebelo, Francisco and Rodríguez, Fernando Gamboa}, 
 year={2015},
 pages={6214–6222} 
 }


@inproceedings{salminen-2020,
author = {Salminen, Joni and Vahlo, Jukka and Koponen, Aki and Jung, Soon-Gyo and Chowdhury, Shammur A. and Jansen, Bernard J.},
title = {Designing Prototype Player Personas from a Game Preference Survey},
year = {2020},
isbn = {9781450368193},
publisher = {Association for Computing Machinery},
address = {New York, NY, USA},
url = {https://doi.org/10.1145/3334480.3382785},
doi = {10.1145/3334480.3382785},
booktitle = {Extended Abstracts of the 2020 CHI Conference on Human Factors in Computing Systems},
pages = {1–8},
numpages = {8},
location = {Honolulu, HI, USA},
series = {CHI EA '20}
}

@inproceedings{canossa-2009,
author = {Canossa, Alessandro and Drachen, Anders},
title = {Play-Personas: Behaviours and Belief Systems in User-Centred Game Design},
year = {2009},
isbn = {9783642036576},
publisher = {Springer-Verlag},
address = {Berlin, Heidelberg},
url = {https://doi.org/10.1007/978-3-642-03658-3_55},
doi = {10.1007/978-3-642-03658-3_55},
booktitle = {Proceedings of the 12th IFIP TC 13 International Conference on Human-Computer Interaction: Part II},
pages = {510–523},
numpages = {14},
location = {Uppsala, Sweden},
series = {INTERACT '09}
}

 @article{silva_sales_mendes2021, 
    title={Aspectos de qualidade em jogos sérios digitais}, 
    volume={19}, 
    ISSN={1679-1916}, 
    DOI={10.22456/1679-1916.118428},  
    number={1}, 
    journal={RENOTE}, 
    author={Silva, Mateus Augusto Sousa and de Sales, André Barros and Mendes, Fabiana Freitas }, 
    year={2021}, 
    month={Jul}, 
    pages={207–216} 
    }


@techreport{ISO9126-1,
    type = {Modelo},
    month = jun,
    year = {2003},
    title = {NBR-ISO/IEC9126-1},
    note = {Engenharia de software - Qualidade de produto Parte 1: Modelo de qualidade},
    volume = {},
    address = {Rio de Janeiro - RJ},
    institution = { ABNT - Associação Brasileira de Normas Técnicas}
}

@book{nielsen1994,
  title={Usability Engineering},
  author={Nielsen, Jakob},
  year={1993},
  publisher={Morgan Kaufmann Publishers Inc.},
  place={San Francisco - CA, USA}
}

@book{swebok2014,
  title={Guide to the Software Engineering Body of Knowledge (SWEBOK (R)): Version 3.0},
  author={Bourque, Pierre and Fairley, Richard E and others},
  year={2014},
  publisher={IEEE Computer Society Press}
}

@book{Gerhardt2009,
    author = { T. E. Gerhardt and D. T. Silveira},
    title = {Métodos de pesquisa},
    year = {2009},
    isbn = {978-85-386-0071-8},
    edition = {1st},
    publisher = {Editora da UFRGS},
    address = {Porto Alegre, Brazil},
 }

@article{Becker_2021, 
  title={What’s the difference between gamification, serious games, educational games, and game-based learning?},
  url={https://doi.org/10.20935/AL209}, 
  journal={Academia Letters}, 
  author={Becker, Katrin}, 
  year={2021}, 
  month={Jan} 
}

@article{sales_climaco2016,
  title={Jogos Sérios em Interação Humano-Computador: Uma revisão Sistemática de Literatura},
  author={de Sales, André Barros and de Souza Clímaco, Gabriel and de Sales, Márcia Barros},
  journal={RENOTE - Revista Novas Tecnologias na Educação},
  issn={ 1679-1916},
  volume={14},
  number={1},
  year={2016},
  url={https://doi.org/10.22456/1679-1916.67384}
}

@book{seffah2005,
author = {Seffah, Ahmed and Gulliksen, Jan and Desmarais, Michel C.},
title = {Human-Centered Software Engineering - Integrating Usability in the Software Development Lifecycle},
year = {2011},
isbn = {9048170168},
publisher = {Springer Publishing Company, Incorporated},
edition = {1st},
}

 @book{Vianna_Vianna_Medina_Tanaka_Krug_2013, 
 edition={1ª edição}, 
 title={Gamification, Inc. - Como reinventar empresas a partir de jogos},  
 publisher={MJV Press}, 
 author={Vianna, Maurício and Vianna, Ysmar and Medina, Bruno and Tanaka, Samara and Krug, Márcio}, 
 year={2013} 
}


@book{McGonigal_Rieche_2012, 
    edition={1ª edição}, 
    title={A realidade em jogo: Por que os games nos tornam melhor e como eles podem mudar o mundo: Por que os games nos tornam melhor e como eles podem mudar o mundo},
    ISBN={978-85-7684-522-5},  
    publisher={Best Seller}, 
    author={McGonigal, Jane and Rieche, Eduardo}, 
    year={2012} 
}
 
@book{Preece_Rogers_Sharp_2005, 
    title={Design de Interacao}, 
    ISBN={978-85-363-0494-6}, 
    url={https://books.google.com.br/books?id=bl0H1cYIzAwC}, 
    publisher={Bookman}, 
    author={Preece, J. and Rogers, Y. and Sharp, H.}, 
    year={2005} 
}

@inproceedings{Petri_Wangenheim_2019, 
  place={Brasília, Distrito Federal, Brasil}, 
  title={A Method for the Evaluation of the Quality of Games for Computing Education}, url={https://br-ie.org/pub/index.php/wcbie/article/view/9045}, 
  DOI={10.5753/cbie.wcbie.2019.951}, 
  booktitle={Anais dos Workshops do VIII Congresso Brasileiro de Informática na Educação (CBIE 2019)},
  publisher={Brazilian Computer Society (Sociedade Brasileira de Computação - SBC)}, 
  author={Petri, Giani and Wangenheim, Christiane Gresse von}, 
  year={2019}, 
  month={Nov},
  pages={951} 
 }

 
 @book{Bethke_2003, 
    series={Wordware game developer’s library}, 
    title={Game development and production}, 
    ISBN={978-1-55622-951-0}, 
    publisher={Wordware Pub}, 
    author={Bethke, Erik}, 
    year={2003}, 
    collection={Wordware game developer’s library} 
}

@article{Kasunic_2005, 
    title={Designing an Effective Survey},  
    author={Kasunic, Mark}, 
    pages={143},
    year={2005}
}

@inproceedings{Wohlin2014,
author = {Wohlin, Claes},
title = {Guidelines for Snowballing in Systematic Literature Studies and a Replication in Software Engineering},
year = {2014},
isbn = {9781450324762},
publisher = {Association for Computing Machinery},
address = {New York, NY, USA},
url = {https://doi.org/10.1145/2601248.2601268},
doi = {10.1145/2601248.2601268},
booktitle = {Proceedings of the 18th International Conference on Evaluation and Assessment in Software Engineering},
articleno = {38},
numpages = {10},
keywords = {systematic mapping studies, snowball search, systematic literature review, snowballing, replication},
location = {London, England, United Kingdom},
series = {EASE '14}
}

@article{petersen2015,
  title={Guidelines for Conducting Systematic Mapping Studies in Software Engineering: An update},
  author={Petersen, Kai and Vakkalanka, Sairam and Kuzniarz, Ludwik},
  journal={Information and Software Technology},
  volume={64},
  pages={1--18},
  year={2015},
  publisher={Elsevier}
}

 @article{kitchenham2004,
  title={Procedures for Performing Systematic Reviews},
  author={Kitchenham, Barbara},
  journal={Keele, UK, Keele University},
  volume={33},
  number={2004},
  pages={1--26},
  year={2004}
}

@inproceedings{deSales_SousaeSilva_2020,
 author = {André Barros de Sales and Mateus Sousa e Silva},
 title = {Jogos Sérios no Processo de Ensino e Aprendizagem de Interação Humano-Computador},
 booktitle = {Anais do XXXI Simpósio Brasileiro de Informática na Educação},
 location = {Online},
 year = {2020},
 keywords = {},
 issn = {0000-0000},
 pages = {552--561},
 publisher = {SBC},
 address = {Porto Alegre, RS, Brasil},
 doi = {10.5753/cbie.sbie.2020.552},
 url = {https://sol.sbc.org.br/index.php/sbie/article/view/12811}
}

@article{ROTHER2007,
   title = {{Revisão sistemática X revisão narrativa}},
   journal = {{Acta Paulista de Enfermagem}},
   author={Rother, Edna Terezinha},
   ISSN = {0103-2100},
   language = {pt},
   URL = {http://www.scielo.br/scielo.php?script=sci_arttext&pid=S0103-21002007000200001&nrm=iso},
   volume = {20},
   year = {2007},
   month = {06},
   pages = {v - vi},
   publisher = {scielo},
   }

@misc{usability2020,
  author = {usability.gov},
  title = {Personas},
  howpublished = {\url{https://www.usability.gov/how-to-and-tools/methods/personas.html}},
  note = {Accessed: 2020-11-03},
  year={2020}
}
 
 @book{Vianna_2014, 
    title={Design Thinking: Inovação em Negócios}, 
    ISBN={978-85-65424-00-4}, 
    url={https://books.google.com.br/books?id=FKC3rEd9xicC}, 
    publisher={MJV (LIVROS)}, 
    author={Vianna, M.},
    year = {2014}
}


@book{Bourque_2014, 
    title={Guide to the software engineering body of knowledge},
    ISBN={978-0-7695-5166-1}, 
    author={Bourque, Pierre and Fairley, R. E and IEEE, Computer Society},
    year={2014} 
}

 
@book{Pressman_2000, 
    title={Engenharia de software: uma abordagem profissional.},
    ISBN={978-85-8055-044-3},
    url={http://public.ebookcentral.proquest.com/choice/publicfullrecord.aspx?p=3235138}, 
    publisher={Grupo A - AMGH}, 
    author={Pressman, Roger S}, 
    year={2011} 
}

@article{Sales2020,
   title = {{Aprendizagem Baseada em Projetos na Disciplina de Interação Humano-Computador}},
   journal = {{RISTI - Revista Ibérica de Sistemas e Tecnologias de Informação}},
   author={Sales, André Barros de AND Serrano, Maurício AND Serrano, Milene},
   ISSN = {1646-9895},
   language = {pt},
   URL = {http://www.scielo.mec.pt/scielo.php?script=sci_arttext&pid=S1646-98952020000200005&nrm=iso},
   year = {2020},
   month = {06},
   pages = {49 - 64},
   publisher = {scielopt},
   }

@article{Sales2020UsoTDS,
   title = {{Uso de Tecnologias Digitais Sociais no Processo Colaborativo de Ensino e Aprendizagem}},
   journal = {{RISTI - Revista Ibérica de Sistemas e Tecnologias de Informação}},
   author={Sales, André Barros de AND Boscarioli, Clodis},
   ISSN = {1646-9895},
   language = {pt},
   URL = {http://www.scielo.mec.pt/scielo.php?script=sci_arttext&pid=S1646-98952020000200007&nrm=iso},
   year = {2020},
   month = {06},
   pages = {82 - 98},
   publisher = {scielopt},
   }


 @book{Fullerton_2008, 
 title={Game Design Workshop: A Playcentric Approach to Creating Innovative Games},
 ISBN={978-0-240-80974-8}, url={https://books.google.com.br/books?id=OjIYWtqWxtAC}, 
 publisher={Taylor and Francis},
 author={Fullerton, T.}, 
 year={2008} }
  
  
  @book{Courage_Baxter_2005, 
  series={Interactive Technologies}, 
  title={Understanding Your Users: A Practical Guide to User Requirements Methods, Tools, and Techniques}, 
  ISBN={978-1-55860-935-8}, 
  url={https://books.google.bi/books?id=bZ__HjU20hEC}, 
  publisher={Elsevier Science}, 
  author={Courage, C. and Baxter, K.}, 
  year={2005}, 
  collection={Interactive Technologies} 
  }

 
 @book{lawson2006, 
    series={How Designers Think: The Design Process Demystified}, 
    title={How Designers Think: The Design Process Demystified}, 
    ISBN={978-0-7506-6077-8}, 
    url={https://books.google.com.br/books?id=7pNxxZRCLmcC},
    publisher={Elsevier/Architectural}, 
    author={Lawson, B.}, 
    year={2006}, 
    collection={How Designers Think: The Design Process Demystified} 
 }


@article{ferreira2014a,
  title={Apoiando o Ensino de Qualidade de Software: Um Serious Game para o Ensino de Usabilidade},
  author={ Bruna Ferreira and  Luis Rivero and  Adriana Lopes and  Anna Beatriz Marques and  Tayana Conte},
  journal={VII Fórum de Educação em Engenharia de Software (FEES 2014)},
  pages={12--21},
  year={2014}
}

@article{ferreira2014b,
	author = {Bruna M. Ferreira and Luis Rivero and Adriana Lopes and Anna Beatriz Marques and Tayana Conte},
	title = {UsabiliCity: Um Jogo de Apoio ao Ensino de Propriedades de Usabilidade de Software Através de Analogias},
	journal = {Brazilian Symposium on Computers in Education (Simpósio Brasileiro de Informática na Educação - SBIE)},
	volume = {25},
	number = {1},
	year = {2014},
	keywords = {},
	issn = {2316-6533},	
	pages = {1273},
	doi = {10.5753/cbie.sbie.2014.1273},
	url = {https://www.br-ie.org/pub/index.php/sbie/article/view/3075}
}

@inproceedings{juca2017,
  title={Game for Heuristic Evaluation (G4H): a serious game for collaborative evaluation of systems},
  author={ Jucá, Paulyne Matthews  and  Monteiro, Ingrid Teixeira  and  de Souza Filho, José Cezar },
  booktitle={International Conference on Human-Computer Interaction},
  pages={341--352},
  year={2017},
  organization={Springer}
}

@article{deSousa2019,
	author = {J.C. de Souza Filho and  I.T. Monteiro and  P.M. Jucá},
	title = {Game for aNy Heuristic Evaluation (G4NHE): a generalization of the G4H gamification considering different sets of usability heuristics},
	volume = {18},
	year = {2019},
    pages = {489–505},
    publisher = {Univ Access Inf Soc},
    url = {https://doi.org/10.1007/s10209-019-00674-x}
}

@inproceedings{darin,
 author = {Ticianne Darin and Felipe Rocha and David Motta and Paulo Vitor Angelo},
 title = {Desafio de Design Goople: Um Jogo de Cartas para Apoio ao Ensino do Design de Interação e Conceitos Básicos de Interação Humano-Computador},
 booktitle = {Anais Estendidos do XVIII Simpósio Brasileiro sobre Fatores Humanos em Sistemas Computacionais},
 location = {Vitória},
 year = {2019},
 keywords = {},
 issn = {2177-9384},
 pages = {100--105},
 publisher = {SBC},
 address = {Porto Alegre, RS, Brasil},
 doi = {10.5753/ihc.2019.8408},
 url = {https://sol.sbc.org.br/index.php/ihc_estendido/article/view/8408}
}


@article{queiroz,
	author = {Wagner Queiroz and Ruddá Beltrão and Martha Fernandes and Bruno Bonifácio and Priscila Fernandes},
	title = {MACTeaching: Uma Abordagem para Enriquecer o Ensino do Método de Avaliação de Comunicabilidade},
	journal = {Anais dos Workshops do Congresso Brasileiro de Informática na Educação},
	volume = {6},
	number = {1},
	year = {2017},
	keywords = {},
	issn = {2316-8889},	pages = {138},
	doi = {10.5753/cbie.wcbie.2017.138},
	url = {https://www.br-ie.org/pub/index.php/wcbie/article/view/7378}
}

@article{brito,
	author = {Ruddá Brito and Martha Fernandes and Wagner Queiroz and Bruno Souza and Bruno Bonifácio and Priscila Fernandes},
	title = {MACteaching: Utilizando um Jogo para Apoio ao Ensino do Método de Avaliação de Comunicabilidade},
	journal = {Brazilian Symposium on Computers in Education (Simpósio Brasileiro de Informática na Educação - SBIE)},
	volume = {27},
	number = {1},
	year = {2016},
	keywords = {},
	issn = {2316-6533},	pages = {796},
	doi = {10.5753/cbie.sbie.2016.796},
	url = {https://www.br-ie.org/pub/index.php/sbie/article/view/6765}
}

@inproceedings{sommariva,
author = {Sommariva, Leonardo and Benitti, Fabiane B. Vavassori and Dalcin, Felipe Simoni},
title = {UsabilityGame: Jogo Simulador Para Apoio Ao Ensino de Usabilidade},
year = {2011},
isbn = {9788576692577},
publisher = {Brazilian Computer Society},
pages = {61–65},
numpages = {5},
keywords = {ciclo de vida de usabilidade, interaçãoo humano computador, jogos},
location = {Porto de Galinhas, Pernambuco, Brazil},
series = {IHC+CLIHC '11}
}

@article{battistella,
  author  = {Paulo Eduardo Battistella}, 
  title   = {Games for Teaching Computing in Higher Education – A Systematic Review},
  journal = {IEEE Technology and Engineering Education (ITEE)},
  year    = 2016,
  number  = 3,
  pages   = {8-30},
  month   = 3,
  volume  = 1
}

@techreport{acm_curricula,
    Author = {ACM},
    title        = {Computer Science Curricula 2013},
    institution  = {Association for Computing Machinery (ACM), IEEE Computer Society},
    year         = 2013,
    month        = 1,
}

@book{barbosa_silva,
  author    = {Simone Diniz Junqueira Barbosa and Bruno Santana da Silva}, 
  title     = {Interação Humano-Computador},
  publisher = {Elsevier},
  year      = 2010,
  address   = {Rio de Janeiro – RJ},
  isbn      = {978-85-352-3418-3}
}

@book{BarbosaEtAl2021,
    title = {Interação {Humano}-{Computador} e {Experiência} do {Usuário}},
    publisher = {Autopublicação},
    author = {Barbosa, Simone Diniz Junqueira and Silva, Bruno Santana da and Silveira, Milene Selbach and Gasparini, Isabela and Darin, Ticianne and Barbosa, Gabriel Diniz Junqueira},
    year = {2021}
}

@INPROCEEDINGS{sales_joao_2021,
  author={de Sales, André Barros and Gabriel Antunes, João},
  booktitle={2021 16th Iberian Conference on Information Systems and Technologies (CISTI)}, 
  title={Evaluation of Educational Games Usage Satisfaction}, 
  year={2021},
  volume={},
  number={},
  pages={1-6},
  url={https://doi.org/10.23919/CISTI52073.2021.9476400}}


@book{pmbok,
  author    = {PMBOK}, 
  title     = {Um guia do conjunto de conhecimentos em gerenciamento de projetos (Guia PMBOK).},
  publisher = {Project Management Institute},
  year      = 2004,
  address   = {Newtown Square - PA},
  isbn      = {978-1-930699-74-8}
}

@book{pruitt,
  author    = {J. Pruitt and T. Adlin}, 
  title     = {The Persona Lifecycle: keeping people in mind throughout product design.},
  publisher = {Morgan Kaufmann Publishers},
  year      = 2006,
  address   = {San Francisco, CA},
  edition   = 1,
  isbn      = {978-0125662512}
}

@book{cooper99,
  author    = {Alan Cooper}, 
  title     = {The Inmates Are Running the Asylum: Why High-Tech Products Drive Us Crazy and How to Restore the Sanity},
  publisher = {Sams Publishing},
  year      = 1999,
  edition   = 1,
  isbn      = {978-0672326141}
}

@book{cooper07,
  author    = {A. Cooper and R. Reimann and D. Cronin}, 
  title     = {About face 3: the essentials of interaction design},
  publisher = {Wiley Pub},
  year      = 2007,
  address   = {Indianapolis, IN},
  edition   = 3,
  isbn      = {978-0-470-08411-3}
}

@techreport{hewett1992,
author = {Hewett, Thomas T. and Baecker, Ronald and Card, Stuart and Carey, Tom and Gasen, Jean and Mantei, Marilyn and Perlman, Gary and Strong, Gary and Verplank, William},
title = {ACM SIGCHI Curricula for Human-Computer Interaction},
year = {1992},
isbn = {0897914740},
publisher = {Association for Computing Machinery},
address = {New York, NY, USA}
}

@ARTICLE{ebert2016,
  author={C. {EBERT} and G. {GALLARDO} and J. {HERNANTES} and N. {SERRANO}},
  journal={IEEE Software}, 
  title={DevOps}, 
  year={2016},
  volume={33},
  number={3},
  pages={94-100},
  doi={10.1109/MS.2016.68}
}

@book{humble2010continuous,
  title={Continuous delivery: reliable software releases through build, test, and deployment automation},
  author={Humble, Jez and Farley, David},
  year={2010},
  publisher={Pearson Education}
}

@ARTICLE{nielsen2000,
  title={Why You Only Need to Test with 5 Users},
  author={Jakob Nielsen},
  url={https://www.nngroup.com/articles/why-you-only-need-to-test-with-5-users/},
  year={2000},
  publisher={Nielsen Norman Group}
}

@inproceedings{devops_adoption,
author = {Rong, Guoping and Zhang, He and Shao, Dong},
title = {CMMI Guided Process Improvement for DevOps Projects: An Exploratory Case Study},
year = {2016},
isbn = {9781450341882},
publisher = {Association for Computing Machinery},
address = {New York, NY, USA},
url = {https://doi.org/10.1145/2904354.2904372},
doi = {10.1145/2904354.2904372},
booktitle = {Proceedings of the International Conference on Software and Systems Process},
pages = {76–85},
numpages = {10},
keywords = {CMMI, software process improvement, DevOps},
location = {Austin, Texas},
series = {ICSSP '16}
}

@book{schwaber2002agile,
  title={Agile software development with Scrum},
  author={Schwaber, Ken and Beedle, Mike},
  volume={1},
  year={2002},
  publisher={Prentice Hall Upper Saddle River}
}

@article{lindstrom2004extreme,
  title={Extreme programming and agile software development methodologies},
  author={Lindstrom, Lowell and Jeffries, Ron},
  journal={Information systems management},
  volume={21},
  number={3},
  pages={41--52},
  year={2004},
  publisher={Taylor \& Francis}
}

@book{japan1985kanban,
  title={Kanban Just-in Time at Toyota: Management Begins at the Workplace},
  author={JMA, Japan Management Association and Bodek, Norman},
  year={1985},
  publisher={CRC Press}
}

@book{guedes2018uml,
  title={UML 2-Uma abordagem pr{\'a}tica},
  author={Guedes, Gilleanes TA},
  year={2018},
  publisher={Novatec Editora}
}

@book{kniberg2010kanban,
  title={Kanban and Scrum-making the most of both},
  author={Kniberg, Henrik and Skarin, Mattias},
  year={2010},
  publisher={Lulu. com}
}

@article{barbosa2009livro,
  title={Um livro-texto para o ensino de projeto de arquitetura de software.},
  author={Barbosa, Guilherme Mauro Germoglio and others},
  year={2009},
  publisher={Universidade Federal de Campina Grande}
}

@misc{reactjs,
  title={ReactJS},
  url={https://reactjs.org/},
  journal={ReactJS}
}

@misc{nodejs,
  title={NodeJS},
  url={https://nodejs.org/en/},
  journal={NodeJS}
}

@misc{mysql,
  title={MySQL},
  url={https://www.mysql.com},
  journal={MySQL}
}

@book{masse2011rest,
  title={REST API Design Rulebook: Designing Consistent RESTful Web Service Interfaces},
  author={Masse, Mark},
  year={2011},
  publisher={" O'Reilly Media, Inc."}
}

@inproceedings{dwaraki2015gitflow,
  title={GitFlow: Flow revision management for software-defined networks},
  author={Dwaraki, Abhishek and Seetharaman, Srini and Natarajan, Sriram and Wolf, Tilman},
  booktitle={Proceedings of the 1st ACM SIGCOMM Symposium on Software Defined Networking Research},
  pages={1--6},
  year={2015}
}

@article{waters2009prioritization,
  title={Prioritization using moscow},
  author={Waters, Kelly},
  journal={Agile Planning},
  volume={12},
  pages={31},
  year={2009}
}
